@String(PAMI = {IEEE Trans. Pattern Anal. Mach. Intell.})
@String(IJCV = {Int. J. Comput. Vis.})
@String(CVPR= {IEEE Conf. Comput. Vis. Pattern Recog.})
@String(ICCV= {Int. Conf. Comput. Vis.})
@String(ECCV= {Eur. Conf. Comput. Vis.})
@String(NIPS= {Adv. Neural Inform. Process. Syst.})
@String(ICPR = {Int. Conf. Pattern Recog.})
@String(BMVC= {Brit. Mach. Vis. Conf.})
@String(TOG= {ACM Trans. Graph.})
@String(TIP  = {IEEE Trans. Image Process.})
@String(TVCG  = {IEEE Trans. Vis. Comput. Graph.})
@String(TMM  = {IEEE Trans. Multimedia})
@String(ACMMM= {ACM Int. Conf. Multimedia})
@String(ICME = {Int. Conf. Multimedia and Expo})
@String(ICASSP=	{ICASSP})
@String(ICIP = {IEEE Int. Conf. Image Process.})
@String(ACCV  = {ACCV})
@String(ICLR = {Int. Conf. Learn. Represent.})
@String(IJCAI = {IJCAI})
@String(PR   = {Pattern Recognition})
@String(AAAI = {AAAI})
@String(CVPRW= {IEEE Conf. Comput. Vis. Pattern Recog. Worksh.})
@String(CSVT = {IEEE Trans. Circuit Syst. Video Technol.})

@String(SPL	= {IEEE Sign. Process. Letters})
@String(VR   = {Vis. Res.})
@String(JOV	 = {J. Vis.})
@String(TVC  = {The Vis. Comput.})
@String(JCST  = {J. Comput. Sci. Tech.})
@String(CGF  = {Comput. Graph. Forum})
@String(CVM = {Computational Visual Media})


@String(PAMI  = {IEEE TPAMI})
@String(IJCV  = {IJCV})
@String(CVPR  = {CVPR})
@String(ICCV  = {ICCV})
@String(ECCV  = {ECCV})
@String(NIPS  = {NeurIPS})
@String(ICPR  = {ICPR})
@String(BMVC  =	{BMVC})
@String(TOG   = {ACM TOG})
@String(TIP   = {IEEE TIP})
@String(TVCG  = {IEEE TVCG})
@String(TCSVT = {IEEE TCSVT})
@String(TMM   =	{IEEE TMM})
@String(ACMMM = {ACM MM})
@String(ICME  =	{ICME})
@String(ICASSP=	{ICASSP})
@String(ICIP  = {ICIP})
@String(ACCV  = {ACCV})
@String(ICLR  = {ICLR})
@String(IJCAI = {IJCAI})
@String(PR = {PR})
@String(AAAI = {AAAI})
@String(CVPRW= {CVPRW})
@String(CSVT = {IEEE TCSVT})

@article{Kristian_Zaman_Tenoyo_Jodhinata_2024,
  title        = {Advancing Guitar Chord Recognition: A Visual Method Based on Deep Convolutional Neural Networks and Deep Transfer Learning},
  volume       = {18},
  url          = {https://ph01.tci-thaijo.org/index.php/ecticit/article/view/254624},
  doi          = {10.37936/ecti-cit.2024182.254624},
  abstractnote = {&amp;lt;p&amp;gt;Initiated in 1999, Automatic Chord Recognition (ACR) primarily relied on audio data, facing challenges, especially with high timbre sounds, which led to a shift towards visual methods for recognizing guitar chords due to their distinct hand configurations. This project explores visual guitar chord identification, harnessing fretboard features, including hand arrangements and positions. It also investigates the limited advantages of transfer learning due to the absence of pertinent pre-trained weights. The developed model employs deep learning, DCNN methodologies, and techniques like normalization, attening, and dropout to identify 14 major and minor keys without fret position restrictions. Enhanced by data augmentation, a self-compiled dataset of over 13,000 samples from 10 contributors effectively trains the model for new data. After testing 115 new examples, the system achieved an 83% accuracy on both live and pre-recorded video data. These results demonstrate the feasibility of employing a deep convolutional neural network (DCNN) focused visual approach for guitar chord identification. Furthermore, this study suggests exciting potential for future advancements in the Music Information Retrieval (MIR) field.&amp;lt;/p&amp;gt;},
  number       = {2},
  journal      = {ECTI Transactions on Computer and Information Technology (ECTI-CIT)},
  author       = {Kristian, Yosi and Zaman, Lukman and Tenoyo, Michael and Jodhinata, Andreas},
  year         = {2024},
  month        = {May},
  pages        = {235â€“249}
}

@inproceedings{du2023conditional,
  title     = {Conditional Generation of Audio from Video via Foley Analogies},
  author    = {Du, Yuexi and Chen, Ziyang and Salamon, Justin and Russell, Bryan and Owens, Andrew},
  booktitle = {Conference on Computer Vision and Pattern Recognition 2023},
  year      = {2023}
}